<record><leader>00000cas a22000007a 4500</leader><controlfield tag="001">21935652</controlfield><controlfield tag="008">900628d18691933mouwr ne      0    0eng d</controlfield><datafield ind1=" " ind2=" " tag="010"><subfield code="a">sn 92058914 </subfield></datafield><datafield ind1=" " ind2=" " tag="040"><subfield code="a">WIH</subfield><subfield code="b">eng</subfield><subfield code="c">WIH</subfield><subfield code="d">MQN</subfield><subfield code="d">OCL</subfield><subfield code="d">MQN</subfield><subfield code="d">YOX</subfield><subfield code="d">OCLCQ</subfield><subfield code="d">KRTAS</subfield><subfield code="d">OCLCQ</subfield><subfield code="d">OCLCF</subfield><subfield code="d">OCLCO</subfield><subfield code="d">OCL</subfield><subfield code="d">OCLCA</subfield></datafield><datafield ind1=" " ind2=" " tag="019"><subfield code="a">7423107</subfield><subfield code="a">21932788</subfield></datafield><datafield ind1=" " ind2=" " tag="042"><subfield code="a">msc</subfield></datafield><datafield ind1=" " ind2=" " tag="043"><subfield code="a">n-us-mo</subfield></datafield><datafield ind1="0" ind2=" " tag="130"><subfield code="a">Western watchman (Saint Louis, Mo. : 1869)</subfield></datafield><datafield ind1="1" ind2="0" tag="245"><subfield code="a">Western watchman.</subfield></datafield><datafield ind1=" " ind2=" " tag="260"><subfield code="a">St. Louis, Mo. :</subfield><subfield code="b">M.H. Phelen</subfield></datafield><datafield ind1=" " ind2=" " tag="300"><subfield code="a">v.</subfield></datafield><datafield ind1=" " ind2=" " tag="310"><subfield code="a">Weekly</subfield></datafield><datafield ind1="0" ind2=" " tag="362"><subfield code="a">Vol. 1, no. 1 (Feb. 6, 1869)-</subfield></datafield><datafield ind1="1" ind2=" " tag="362"><subfield code="a">Ceased in 1933?</subfield></datafield><datafield ind1=" " ind2=" " tag="500"><subfield code="a">"A Catholic journal devoted to the interest of the Church in the West."</subfield></datafield><datafield ind1=" " ind2=" " tag="580"><subfield code="a">Sunday ed.: The Sunday watchman.</subfield></datafield><datafield ind1="2" ind2="0" tag="610"><subfield code="a">Catholic Church</subfield><subfield code="v">Newspapers.</subfield></datafield><datafield ind1=" " ind2="0" tag="650"><subfield code="a">Catholics</subfield><subfield code="z">Missouri</subfield><subfield code="v">Newspapers.</subfield></datafield><datafield ind1=" " ind2="0" tag="650"><subfield code="a">Irish newspapers</subfield><subfield code="z">Middle West.</subfield></datafield><datafield ind1="2" ind2="7" tag="610"><subfield code="a">Catholic Church.</subfield><subfield code="2">fast</subfield><subfield code="0">(OCoLC)fst00531720</subfield></datafield><datafield ind1=" " ind2="7" tag="650"><subfield code="a">Catholics.</subfield><subfield code="2">fast</subfield><subfield code="0">(OCoLC)fst00849297</subfield></datafield><datafield ind1=" " ind2="7" tag="650"><subfield code="a">Irish newspapers.</subfield><subfield code="2">fast</subfield><subfield code="0">(OCoLC)fst00979041</subfield></datafield><datafield ind1=" " ind2="7" tag="651"><subfield code="a">Middle West.</subfield><subfield code="2">fast</subfield><subfield code="0">(OCoLC)fst01240052</subfield></datafield><datafield ind1=" " ind2="7" tag="651"><subfield code="a">Missouri.</subfield><subfield code="2">fast</subfield><subfield code="0">(OCoLC)fst01204724</subfield></datafield><datafield ind1=" " ind2="7" tag="655"><subfield code="a">Newspapers.</subfield><subfield code="2">fast</subfield><subfield code="0">(OCoLC)fst01423814</subfield></datafield><datafield ind1=" " ind2=" " tag="752"><subfield code="a">United States</subfield><subfield code="b">Missouri</subfield><subfield code="d">Saint Louis.</subfield></datafield><datafield ind1="1" ind2=" " tag="775"><subfield code="t">Sunday watchman</subfield><subfield code="w">(DLC)sn 92058915</subfield><subfield code="w">(OCoLC)21931956</subfield></datafield><datafield ind1="0" ind2="0" tag="780"><subfield code="t">Missouri watchman</subfield></datafield><datafield ind1=" " ind2=" " tag="938"><subfield code="a">Kirtas Technologies, Inc.</subfield><subfield code="b">KRTS</subfield><subfield code="n">740404</subfield></datafield><datafield ind1="1" ind2=" " tag="029"><subfield code="a">AU@</subfield><subfield code="b">000025902871</subfield></datafield></record>